@article{hopkins2016quantifying,
  title={Quantifying radiation damage in biomolecular small-angle X-ray scattering},
  author={Hopkins, J. B. and Thorne, R. E.},
  journal={Journal of Applied Crystallography},
  volume={49},
  number={3},
  year={2016},
  publisher={International Union of Crystallography}
}

@article{brennich2016online,
  title={Online data analysis at the ESRF bioSAXS beamline, BM29},
  author={Brennich, Martha Elisabeth and Kieffer, J{\'e}r{\^o}me and Bonamis, Guillaume and De Maria Antolinos, A and Hutin, Stephanie and Pernot, Petra and Round, Adam},
  journal={Journal of Applied Crystallography},
  volume={49},
  number={1},
  year={2016},
  publisher={International Union of Crystallography}
}

@misc{wolfram2016Deconvolution,
	title={Deconvolution [online]},
	author={Weisstein, Eric. W.},
	journal={Mathworld.wolfram.com},
	howpublished={http://mathworld.wolfram.com/Deconvolution.html},
	note={Accessed 6 May 2016},
	year={2016}
}

@article{read2015log,
  title={A log-likelihood-gain intensity target for crystallographic phasing in the presence of experimental error},
  author={Read, Randy J and McCoy, Airlie J},
  year={2015},
  journal={Acta Crystallographica Section D: Biological Crystallography},
  volume={72},
  number={3},
  pages={375--387},
  publisher={International Union of Crystallography}
}

@book{cressie2015statistics,
  title={Statistics for Spatio-Temporal Data},
  author={Cressie, N. and Wikle, C.K.},
  isbn={9781119243045},
  url={https://books.google.co.uk/books?id=4L\_dCgAAQBAJ},
  year={2015},
  publisher={Wiley}
}

@article{brooks2015nobel,
  title={The Nobel Science: One Hundred Years of Crystallography},
  author={Brooks-Bartlett, Jonathan C and Garman, Elspeth F},
  journal={Interdisciplinary Science Reviews},
  volume={40},
  number={3},
  pages={244--264},
  year={2015},
  publisher={Maney Publishing}
}

@article{bury2015radiation,
  title={Radiation damage to nucleoprotein complexes in macromolecular crystallography},
  author={Bury, Charles and Garman, Elspeth F and Ginn, Helen Mary and Ravelli, Raimond BG and Carmichael, Ian and Kneale, Geoff and McGeehan, John E},
  journal={Journal of Synchrotron Radiation},
  volume={22},
  number={2},
  pages={213--224},
  year={2015},
  publisher={International Union of Crystallography}
}

@article{axford2015structure,
  title={Structure determination of an integral membrane protein at room temperature from crystals in situ},
  author={Axford, Danny and Foadi, James and Hu, N-J and Choudhury, HG and Iwata, S and Beis, K and Evans, G and Alguel, Y},
  journal={Acta Crystallographica Section D: Biological Crystallography},
  volume={71},
  number={6},
  pages={1228--1237},
  year={2015},
  publisher={International Union of Crystallography}
}

@article{jeffries2015limiting,
  title={Limiting radiation damage for high-brilliance biological solution scattering: practical experience at the EMBL P12 beamline PETRAIII},
  author={Jeffries, Cy M and Graewert, Melissa A and Svergun, Dmitri I and Blanchet, Cl{\'e}ment E},
  journal={Journal of Synchrotron Radiation},
  volume={22},
  number={2},
  pages={273--279},
  year={2015},
  publisher={International Union of Crystallography}
}

@article{gerstel2015identifying,
  title={Identifying and quantifying radiation damage at the atomic level},
  author={Gerstel, Markus and Deane, Charlotte M and Garman, Elspeth F},
  journal={Journal of Synchrotron Radiation},
  volume={22},
  number={2},
  year={2015},
  pages={201-212},
  publisher={International Union of Crystallography}
}

@article{bai2015cryo,
  title={How cryo-EM is revolutionizing structural biology},
  author={Bai, Xiao-chen and McMullan, Greg and Scheres, Sjors HW},
  journal={Trends in Biochemical Sciences},
  volume={40},
  number={1},
  pages={49--57},
  year={2015},
  publisher={Elsevier}
}

@article{bowler2015massif,
  title={MASSIF-1: a beamline dedicated to the fully automatic characterization and data collection from crystals of biological macromolecules},
  author={Bowler, Matthew W and Nurizzo, Didier and Barrett, Ray and Beteva, Antonia and Bodin, Marjolaine and Caserotto, Hugo and Delageni{\`e}re, Solange and Dobias, Fabian and Flot, David and Giraud, Thierry and others},
  journal={Journal of Synchrotron Radiation},
  volume={22},
  number={6},
  year={2015},
  pages={1540--1547}
  publisher={International Union of Crystallography}
}

@article{svensson2015fully,
  title={Fully automatic characterization and data collection from crystals of biological macromolecules},
  author={Svensson, Olof and Malbet-Monaco, St{\'e}phanie and Popov, Alexander and Nurizzo, Didier and Bowler, Matthew W},
  journal={Acta Crystallographica Section D: Biological Crystallography},
  volume={71},
  number={8},
  pages={1757--1767},
  year={2015},
  publisher={International Union of Crystallography}
}

@misc{CromerMann2015,
    title={f0_CromerMann.dat},
    howpublished={http://staff.chess.cornell.edu/~smilgies/x-rays/f0_CromerMann.txt},
    journal={Staff.chess.cornell.edu},
    note={Accessed: 19th January 2016},
    year={2016}
}

@article{franke2015correlation,
  title={Correlation Map, a goodness-of-fit test for one-dimensional X-ray scattering spectra},
  author={Franke, Daniel and Jeffries, Cy M and Svergun, Dmitri I},
  journal={Nature Methods},
  volume={12},
  number={5},
  pages={419--422},
  year={2015},
  publisher={Nature Publishing Group}
}

@Inbook{franke2015synchrotron,
    author="Franke, Daniel
    and Svergun, Dmitri I.",
    editor="Jaeschke, Eberhard
    and Khan, Shaukat
    and Schneider, R. Jochen
    and Hastings, B. Jerome",
    chapter="Synchrotron Small-Angle X-Ray Scattering on Biological Macromolecules in Solution",
    title="Synchrotron Light Sources and Free-Electron Lasers: Accelerator Physics, Instrumentation and Science Applications",
    year="2014",
    publisher="Springer International Publishing",
    address="Cham",
    pages="1--25",
    isbn="978-3-319-04507-8",
    doi="10.1007/978-3-319-04507-8_34-1",
    url="http://dx.doi.org/10.1007/978-3-319-04507-8_34-1"
}

@article{grant2015accurate,
  title={The accurate assessment of small-angle X-ray scattering data},
  author={Grant, Thomas D and Luft, Joseph R and Carter, Lester G and Matsui, Tsutomu and Weiss, Thomas M and Martel, Anne and Snell, Edward H},
  journal={Acta Crystallographica Section D: Biological Crystallography},
  volume={71},
  number={1},
  pages={45--56},
  year={2015},
  publisher={International Union of Crystallography}
}

@misc{wolfram2015blockmatrix,
	title={Block Matrix [online]},
	author={Wolfram MathWorld},
	journal={Mathworld.wolfram.com},
	howpublished={http://mathworld.wolfram.com/BlockMatrix.html},
	note={Accessed: 7th May 2015},
	year={2015}
}

@article{nass2015indications,
  title={Indications of radiation damage in ferredoxin microcrystals using high-intensity X-FEL beams},
  author={Nass, Karol and Foucar, Lutz and Barends, Thomas RM and Hartmann, Elisabeth and Botha, Sabine and Shoeman, Robert L and Doak, R Bruce and Alonso-Mori, Roberto and Aquila, Andrew and Bajt, Sas and Bean, R. and Beyerlein, K. R. and Bublitz, M. and Drachmann, N. and Gregersen, J. and J{\"o}nsson, H. O. and Kabsch, W. and Kassemeyer, S. and Koglin, J. E. and Krumrey, M. and Mattle, D. and Messerschmidt M. and Nissen, P. and Reinhard, L. and Sitsel, O. and Sokaras, D. and Williams, G. J. and Hau-Riege, S. and Timneanu, N. and Caleman, C. and Chapman, H. N. and Boutet, S. and Schlichting, I.},
  journal={Journal of Synchrotron Radiation},
  volume={22},
  number={2},
  year={2015},
  publisher={International Union of Crystallography}
}

@misc{Philips2015,
	title={How big is the "average" protein? [online]},
	author={Philips, R.},
	journal={Book.bionumbers.org},
	howpublished={http://book.bionumbers.org/how-big-is-the-average-protein/},
	note={Accessed: 30 Dec. 2015},
	year={2015}
}

@article{den2014data,
  title={Data distributions in magnetic resonance images: A review},
  author={den Dekker, A. J. and Sijbers, J.},
  journal={Physica Medica},
  volume={30},
  number={7},
  pages={725--741},
  year={2014},
  publisher={Elsevier}
}

@article{chapman2014diffraction,
  title={Diffraction before destruction},
  author={Chapman, Henry N and Caleman, Carl and Timneanu, Nicusor},
  journal={Philosophical Transactions of the Royal Society B: Biological Sciences},
  volume={369},
  number={1647},
  pages={20130313},
  year={2014},
  publisher={The Royal Society}
}

@article{jones2014scipy,
  title={$\{$SciPy$\}$: open source scientific tools for $\{$Python$\}$},
  author={Jones, Eric and Oliphant, Travis and Peterson, Pearu},
  year={2014}
}

@article{yorke2014time,
  title={Time-resolved crystallography using the Hadamard transform},
  author={Yorke, Briony A and Beddard, Godfrey S and Owen, Robin L and Pearson, Arwen R},
  journal={Nature Methods},
  volume={11},
  number={11},
  pages={1131--1134},
  year={2014},
  publisher={Nature Publishing Group}
}

@article{garman2014,
  title={Developments in X-ray Crystallographic Structure Determination of Biological Macromolecules},
  author={Garman, Elspeth F},
  journal={Science},
  volume={343},
  number={6175},
  pages={1102--1108},
  year={2014},
  publisher={American Association for the Advancement of Science}
}

@article{bezanson2014julia,
  title={Julia: A fresh approach to numerical computing},
  author={Bezanson, Jeff and Edelman, Alan and Karpinski, Stefan and Shah, Viral B},
  journal={arXiv preprint arXiv:1411.1607},
  year={2014}
}

@article{owen2014,
  title={Exploiting fast detectors to enter a new dimension in room-temperature crystallography},
  author={Owen, Robin L and Paterson, Neil and Axford, Danny and Aishima, Jun and Schulze-Briese, Clemens and Ren, Jingshan and Fry, Elizabeth E and Stuart, David I and Evans, Gwyndaf},
  journal={Acta Crystallographica Section D: Biological Crystallography},
  volume={70},
  number={5},
  pages={1248--1256},
  year={2014},
  publisher={International Union of Crystallography}
}

@misc{sargent2014,
	title={A First Look at the Kalman Filter - Quantitative Economics. [online]},
	author={Sargent, Thomas J. and Stachurski, John},
	journal={Quant-econ.net},
	howpublished={http://quant-econ.net/jl/kalman.html},
	note={Accessed: 1 May 2015},
	year={2014}
}

@article{blanchet2013small,
  title={Small-angle X-ray scattering on biological macromolecules and nanocomposites in solution},
  author={Blanchet, Clement E and Svergun, Dmitri I},
  journal={Annual Review of Physical Chemistry},
  volume={64},
  pages={37--54},
  year={2013},
  publisher={Annual Reviews}
}

@book{sarkka2013,
author = {S\"{a}rkk\"{a}, Simo},
isbn = {110703065X},
keywords = {Bayesian,Filtering,Smoothing},
mendeley-tags = {Bayesian,Filtering,Smoothing},
pages = {254},
publisher = {Cambridge University Press},
title = {{Bayesian Filtering and Smoothing}},
url = {https://books.google.com/books?id=5VlsAAAAQBAJ\&pgis=1},
year = {2013}
}

@article{milne2013cryo,
  title={Cryo-electron microscopy--a primer for the non-microscopist},
  author={Milne, Jacqueline L. S. and Borgnia, Mario J. and Bartesaghi, Alberto and Tran, Erin E. H. and Earl, Lesley A and Schauder, David M and Lengyel, Jeffrey and Pierson, Jason and Patwardhan, Ardan and Subramaniam, Sriram},
  journal={FEBS Journal},
  volume={280},
  number={1},
  pages={28--45},
  year={2013},
  publisher={Wiley Online Library}
}

@phdthesis{zeldin2013thesis,
title={Methods Development for Structural Biology},
author={Oliver B. Zeldin},
year={2013},
school={University of Oxford},
address={UK},
type={DPhil thesis}
}

@article{zeldin2013dwd,
  title={Predicting the X-ray lifetime of protein crystals},
  author={Zeldin, Oliver B and Brockhauser, Sandor and Bremridge, John and Holton, James M and Garman, Elspeth F},
  journal={Proceedings of the National Academy of Sciences},
  volume={110},
  number={51},
  pages={20551--20556},
  year={2013},
  publisher={National Acad Sciences}
}

@article{zeldin2013,
author = "Zeldin, Oliver B. and Gerstel, Markus and Garman, Elspeth F.",
title = "{{\it RADDOSE-3D}: time- and space-resolved modelling of dose in macromolecular crystallography}",
journal = "Journal of Applied Crystallography",
year = "2013",
volume = "46",
number = "4",
pages = "1225-1230"
}

@article{evans2013,
  title={How good are my data and what is the resolution?},
  author={Evans, Philip R and Murshudov, Garib N},
  journal={Acta Crystallographica Section D: Biological Crystallography},
  volume={69},
  number={7},
  pages={1204--1214},
  year={2013},
  publisher={International Union of Crystallography}
}

@misc{albright2013,
	title={Probability: Joint, Marginal and Conditional Probabilities. [online]},
	author={Elizabeth A. Albright},
	journal={Statistics Review Website and Environmental Policy Blog},
	howpublished={http://sites.nicholas.duke.edu/statsreview/probability/jmc/},
	note={Accessed: 30 Apr. 2015},
	year={2013}
}

@article{meisburger2013breaking,
  title={Breaking the radiation damage limit with cryo-SAXS},
  author={Meisburger, Steve P and Warkentin, Matthew and Chen, Huimin and Hopkins, Jesse B and Gillilan, Richard E and Pollack, Lois and Thorne, Robert E},
  journal={Biophysical Journal},
  volume={104},
  number={1},
  pages={227--236},
  year={2013},
  publisher={Elsevier}
}

@misc{vose2013,
	title={ModelAssist for ModelRisk. [online]},
	author={{Vose Software}},
	howpublished={http://www.vosesoftware.com/index.php},
	url={http://www.vosesoftware.com/ModelRiskHelp/index.htm\#Analysing\_and\_using\_data/Bayesian/Introduction\_to\_Bayesian\_inference\_concepts.htm},
	note={Accessed: 1 May 2015},
	year={2013}
}

@article{petoukhov2012new,
  title={New developments in the ATSAS program package for small-angle scattering data analysis},
  author={Petoukhov, Maxim V and Franke, Daniel and Shkumatov, Alexander V and Tria, Giancarlo and Kikhney, Alexey G and Gajda, Michal and Gorba, Christian and Mertens, Haydyn DT and Konarev, Petr V and Svergun, Dmitri I},
  journal={Journal of Applied Crystallography},
  volume={45},
  number={2},
  pages={342--350},
  year={2012},
  publisher={International Union of Crystallography}
}

@article{boutet2012high,
  title={High-resolution protein structure determination by serial femtosecond crystallography},
  author={Boutet, S\'{e}bastien and Lomb, Lukas and Williams, Garth J and Barends, Thomas R M and Aquila, Andrew and Doak, R Bruce and Weierstall, Uwe and DePonte, Daniel P and Steinbrener, Jan and Shoeman, Robert L and Messerschmidt, Marc and Barty, Anton and White, Thomas A and Kassemeyer, Stephan and Kirian, Richard A and Seibert, M Marvin and Montanez, Paul A and Kenney, Chris and Herbst, Ryan and Hart, Philip and Pines, Jack and Haller, Gunther and Gruner, Sol M and Philipp, Hugh T and Tate, Mark W and Hromalik, Marianne and Koerner, Lucas J and van Bakel, Niels and Morse, John and Ghonsalves, Wilfred and Arnlund, David and Bogan, Michael J and Caleman, Carl and Fromme, Raimund and Hampton, Christina Y and Hunter, Mark S and Johansson, Linda C and Katona, Gergely and Kupitz, Christopher and Liang, Mengning and Martin, Andrew V and Nass, Karol and Redecke, Lars and Stellato, Francesco and Timneanu, Nicusor and Wang, Dingjie and Zatsepin, Nadia A and Schafer, Donald and Defever, James and Neutze, Richard and Fromme, Petra and Spence, John C H and Chapman, Henry N and Schlichting, Ilme},
  journal={Science},
  volume={337},
  number={6092},
  pages={362--364},
  year={2012},
  publisher={American Association for the Advancement of Science}
}

@article{grishaev2012sample,
  title={Sample Preparation, Data Collection, and Preliminary Data Analysis in Biomolecular Solution X-Ray Scattering},
  author={Grishaev, Alexander},
  journal={Current Protocols in Protein Science},
  pages={17--14},
  volume = {17},
  year={2012},
  publisher={Wiley Online Library}
}

@article{axford2012situ,
  title={In situ macromolecular crystallography using microbeams},
  author={Axford, Danny and Owen, Robin L and Aishima, Jun and Foadi, James and Morgan, Ann W and Robinson, James I and Nettleship, Joanne E and Owens, Raymond J and Moraes, Isabel and Fry, Elizabeth E and others},
  journal={Acta Crystallographica Section D: Biological Crystallography},
  volume={68},
  number={5},
  pages={592--600},
  year={2012},
  publisher={International Union of Crystallography}
}

@article{khan2012confocal,
  title={Confocal microscopy on the beamline: novel three-dimensional imaging and sample positioning},
  author={Khan, I and Gillilan, R and Kriksunov, I and Williams, R and Zipfel, W. R. and Englich, U},
  journal={Journal of Applied Crystallography},
  volume={45},
  number={5},
  pages={936--943},
  year={2012},
  publisher={International Union of Crystallography}
}

@article{roberts2012,
author = {Roberts, S. and Osborne, M. and Ebden, M. and Reece, S. and Gibson, N. and Aigrain, S.},
doi = {10.1098/rsta.2011.0550},
issn = {1364-503X},
journal = {Philosophical Transactions of the Royal Society A: Mathematical, Physical and Engineering Sciences},
keywords = {GPs,Gaussian Processes,Regression,Time Series},
mendeley-tags = {GPs,Gaussian Processes,Regression,Time Series},
month = "Dec",
number = {1984},
pages = {20110550--20110550},
title = {{Gaussian processes for time-series modelling}},
url = {http://rsta.royalsocietypublishing.org/content/371/1984/20110550},
volume = {371},
year = {2012}
}

@article{zeldin2012,
  title={Optimizing the spatial distribution of dose in X-ray macromolecular crystallography},
  author={Zeldin, Oliver B and Gerstel, Markus and Garman, Elspeth F},
  journal={Journal of Synchrotron Radiation},
  volume={20},
  number={1},
  pages={49-57},
  year={2012},
  publisher={International Union of Crystallography}
}

@incollection{drenth2012,
  title={Introduction to basic crystallography},
  author={Drenth, J},
  booktitle={International Tables for Crystallography Volume F: Crystallography of biological macromolecules},
  pages={45--63},
  year={2006},
  publisher={Springer}
}

@article{leal2012,
  title={A survey of global radiation damage to 15 different protein crystal types at room temperature: a new decay model},
  author={Leal, Ricardo Miguel Ferraz and Bourenkov, Gleb and Russi, Silvia and Popov, Alexander N},
  journal={Journal of Synchrotron Radiation},
  volume={20},
  number={1},
  pages={14--22},
  year={2012},
  publisher={International Union of Crystallography}
}

@article{owen2012,
  title={Outrunning free radicals in room-temperature macromolecular crystallography},
  author={Owen, Robin L and Axford, Danny and Nettleship, Joanne E and Owens, Raymond J and Robinson, James I and Morgan, Ann W and Dore, Andrew S and Lebon, Guillaume and Tate, Christopher G and Fry, Elizabeth E and others},
  journal={Acta Crystallographica Section D: Biological Crystallography},
  volume={68},
  number={7},
  pages={810--818},
  year={2012},
  publisher={International Union of Crystallography}
}

@article{allan2012,
  title={To scavenge or not to scavenge, that is STILL the question},
  author={Allan, Elizabeth G and Kander, Melissa C and Carmichael, Ian and Garman, Elspeth F},
  journal={Journal of Synchrotron Radiation},
  volume={20},
  number={1},
  pages={23--36},
  year={2012},
  publisher={International Union of Crystallography}
}

@article{spence2012,
  title={X-ray lasers for structural and dynamic biology},
  author={Spence, J. C. H. and Weierstall, U and Chapman, H. N.},
  journal={Reports on Progress in Physics},
  volume={75},
  number={10},
  pages={102601},
  year={2012},
  publisher={IOP Publishing}
}

@article{bezanson2012julia,
  title={Julia: A fast dynamic language for technical computing},
  author={Bezanson, Jeff and Karpinski, Stefan and Shah, Viral B and Edelman, Alan},
  journal={arXiv preprint arXiv:1209.5145},
  year={2012}
}

@article{owen2011revealing,
  title={Revealing low-dose radiation damage using single-crystal spectroscopy},
  author={Owen, Robin L and Yorke, Briony A and Gowdy, James A and Pearson, Arwen R},
  journal={Journal of Synchrotron Radiation},
  volume={18},
  number={3},
  pages={367--373},
  year={2011},
  publisher={International Union of Crystallography}
}

@article{murshudov2011refmac5,
  title={REFMAC5 for the refinement of macromolecular crystal structures},
  author={Murshudov, Garib N and Skub{\'a}k, Pavol and Lebedev, Andrey A and Pannu, Navraj S and Steiner, Roberto A and Nicholls, Robert A and Winn, Martyn D and Long, Fei and Vagin, Alexei A},
  journal={Acta Crystallographica Section D: Biological Crystallography},
  volume={67},
  number={4},
  pages={355--367},
  year={2011},
  publisher={International Union of Crystallography}
}

@article{kmetko2011can,
  title={Can radiation damage to protein crystals be reduced using small-molecule compounds?},
  author={Kmetko, Jan and Warkentin, Matthew and Englich, Ulrich and Thorne, Robert E},
  journal={Acta Crystallographica Section D: Biological Crystallography},
  volume={67},
  number={10},
  pages={881--893},
  year={2011},
  publisher={International Union of Crystallography}
}

@article{chapman2011femtosecond,
  title={Femtosecond X-ray protein nanocrystallography},
  author={Chapman, Henry N and Fromme, Petra and Barty, Anton and White, Thomas A and Kirian, Richard A and Aquila, Andrew and Hunter, Mark S and Schulz, Joachim and DePonte, Daniel P and Weierstall, Uwe and others},
  journal={Nature},
  volume={470},
  number={7332},
  pages={73--77},
  year={2011},
  publisher={Nature Publishing Group}
}

@article{pollack2011saxs,
  title={SAXS studies of ion-nucleic acid interactions},
  author={Pollack, Lois},
  journal={Annual Review of Biophysics},
  volume={40},
  pages={225--242},
  year={2011},
  publisher={Annual Reviews}
}

@article{krojer2011,
  title={Assessment of radiation damage behaviour in a large collection of empirically optimized datasets highlights the importance of unmeasured complicating effects},
  author={Krojer, Tobias and von Delft, Frank},
  journal={Journal of Synchrotron Radiation},
  volume={18},
  number={3},
  pages={387--397},
  year={2011},
  publisher={International Union of Crystallography}
}

@article{evans2011introduction,
  title={An introduction to data reduction: space-group determination, scaling and intensity statistics},
  author={Evans, Philip R},
  journal={Acta Crystallographica Section D: Biological Crystallography},
  volume={67},
  number={4},
  pages={282--292},
  year={2011},
  publisher={International Union of Crystallography}
}

@article{winn2011,
  title={Overview of the CCP4 suite and current developments},
  author={Winn, Martyn D and Ballard, Charles C and Cowtan, Kevin D and Dodson, Eleanor J and Emsley, Paul and Evans, Phil R and Keegan, Ronan M and Krissinel, Eugene B and Leslie, Andrew GW and McCoy, Airlie and others},
  journal={Acta Crystallographica Section D: Biological Crystallography},
  volume={67},
  number={4},
  pages={235--242},
  year={2011},
  publisher={International Union of Crystallography}
}

@article{homer2011energy,
  title={Energy dependence of site-specific radiation damage in protein crystals},
  author={Homer, Christina and Cooper, Laura and Gonzalez, Ana},
  journal={Journal of Synchrotron Radiation},
  volume={18},
  number={3},
  pages={338--345},
  year={2011},
  publisher={International Union of Crystallography}
}

@article{kabsch2010integration,
  title={Integration, scaling, space-group assignment and post-refinement},
  author={Kabsch, Wolfgang},
  journal={Acta Crystallographica Section D: Biological Crystallography},
  volume={66},
  number={2},
  pages={133--144},
  year={2010},
  publisher={International Union of Crystallography}
}

@article{weik2010temperature,
  title={Temperature-dependent macromolecular X-ray crystallography},
  author={Weik, Martin and Colletier, J-P},
  journal={Acta Crystallographica Section D: Biological Crystallography},
  volume={66},
  number={4},
  pages={437--446},
  year={2010},
  publisher={International Union of Crystallography}
}

@article{garman2010,
  title={Radiation damage in macromolecular crystallography: what is it and why should we care?},
  author={Garman, Elspeth F},
  journal={Acta Crystallographica Section D: Biological Crystallography},
  volume={66},
  number={4},
  pages={339--351},
  year={2010},
  publisher={International Union of Crystallography}
}

@article{bourenkov2010optimization,
  title={Optimization of data collection taking radiation damage into account},
  author={Bourenkov, Gleb P and Popov, Alexander N},
  journal={Acta Crystallographica Section D: Biological Crystallography},
  volume={66},
  number={4},
  pages={409--419},
  year={2010},
  publisher={International Union of Crystallography}
}

@article{chen2010molprobity,
  title={MolProbity: all-atom structure validation for macromolecular crystallography},
  author={Chen, Vincent B and Arendall, W Bryan and Headd, Jeffrey J and Keedy, Daniel A and Immormino, Robert M and Kapral, Gary J and Murray, Laura W and Richardson, Jane S and Richardson, David C},
  journal={Acta Crystallographica Section D: Biological Crystallography},
  volume={66},
  number={1},
  pages={12--21},
  year={2010},
  publisher={International Union of Crystallography}
}

@article{adams2010phenix,
  title={PHENIX: a comprehensive Python-based system for macromolecular structure solution},
  author={Adams, Paul D and Afonine, Pavel V and Bunk{\'o}czi, G{\'a}bor and Chen, Vincent B and Davis, Ian W and Echols, Nathaniel and Headd, Jeffrey J and Hung, L-W and Kapral, Gary J and Grosse-Kunstleve, Ralf W and others},
  journal={Acta Crystallographica Section D: Biological Crystallography},
  volume={66},
  number={2},
  pages={213--221},
  year={2010},
  publisher={International Union of Crystallography}
}

@article{holton2010,
  title={The minimum crystal size needed for a complete diffraction data set},
  author={Holton, James M and Frankel, Kenneth A},
  journal={Acta Crystallographica Section D: Biological Crystallography},
  volume={66},
  number={4},
  pages={393--408},
  year={2010},
  publisher={International Union of Crystallography}
}

@article{meents2010,
  title={Origin and temperature dependence of radiation damage in biological samples at cryogenic temperatures},
  author={Meents, Alke and Gutmann, Sascha and Wagner, Armin and Schulze-Briese, Clemens},
  journal={Proceedings of the National Academy of Sciences},
  volume={107},
  number={3},
  pages={1094--1099},
  year={2010},
  publisher={National Acad Sciences}
}

@article{kabsch2010,
  title={{XDS}},
  author={Kabsch, Wolfgang},
  journal={Acta Crystallographica Section D: Biological Crystallography},
  volume={66},
  number={2},
  pages={125--132},
  year={2010},
  publisher={International Union of Crystallography}
}

@article{warkentin2010,
  title={Glass transition in thaumatin crystals revealed through temperature-dependent radiation-sensitivity measurements},
  author={Warkentin, Matthew and Thorne, Robert E},
  journal={Acta Crystallographica Section D: Biological Crystallography},
  volume={66},
  number={10},
  pages={1092--1100},
  year={2010},
  publisher={International Union of Crystallography}
}

@article{pait2010,
  title={Know your dose: RADDOSE},
  author={Paithankar, Karthik S and Garman, Elspeth F},
  journal={Acta Crystallographica Section D: Biological Crystallography},
  volume={66},
  number={4},
  pages={381--388},
  year={2010},
  publisher={International Union of Crystallography}
}

@article{taylor2010,
  title={Introduction to phasing},
  author={Taylor, Garry L},
  journal={Acta Crystallographica Section D: Biological Crystallography},
  volume={66},
  number={4},
  pages={325--338},
  year={2010},
  publisher={International Union of Crystallography}
}

@book{rupp2010,
  title={Biomolecular Crystallography: Principles, Practice, and Application to Structural Biology},
  author={Rupp, B.},
  isbn={9780815340812},
  lccn={2009036505},
  url={https://books.google.co.uk/books?id=BfmdGwAACAAJ},
  year={2010},
  publisher={Garland Science}
}

@book{starr2010,
  title={Biology: Concepts and Applications without Physiology},
  author={Starr, C. and Evers, C. and Starr, L.},
  isbn={9781133008682},
  url={https://books.google.co.uk/books?id=dXQIAAAAQBAJ},
  year={2010},
  publisher={Cengage Learning}
}

@article{garman2009radiation,
  title={Radiation damage in protein crystals examined under various conditions by different methods},
  author={Garman, Elspeth F and Nave, Colin},
  journal={Journal of Synchrotron Radiation},
  volume={16},
  number={2},
  pages={129--132},
  year={2009},
  publisher={International Union of Crystallography}
}

@misc{read2009,
	title={Advanced diffraction. [online]},
	author={Randy J. Read},
	journal={Structural Medicine, Department of Haematology, University of Cambridge},
	howpublished={http://www-structmed.cimr.cam.ac.uk/Course/Adv\_diff1/Diffraction.html\#struct\_fact},
	note={Accessed: 4 May 2015},
	year={2009}
}

@article{holton2009,
  title={A beginner's guide to radiation damage},
  author={Holton, James M},
  journal={Journal of Synchrotron Radiation},
  volume={16},
  number={2},
  pages={133--142},
  year={2009},
  publisher={International Union of Crystallography}
}

@article{howells2009,
  title={An assessment of the resolution limitation due to radiation-damage in X-ray diffraction microscopy},
  author={Howells, Malcolm R and Beetz, Tobias and Chapman, Henry N and Cui, C and Holton, J. M. and Jacobsen, C. J. and Kirz, J. and Lima, Enju and Marchesini, Stefano and Miao, Huijie and Sayre, D. and Shapiro, D. A. and Spence, J. C. H. and Starodub, D.},
  journal={Journal of Electron Spectroscopy and Related Phenomena},
  volume={170},
  number={1},
  pages={4--12},
  year={2009},
  publisher={Elsevier}
}

@article{pait2009,
  title={Absorbed dose calculations for macromolecular crystals: improvements to RADDOSE},
  author={Paithankar, Karthik S and Owen, Robin Leslie and Garman, Elspeth F},
  journal={Journal of Synchrotron Radiation},
  volume={16},
  number={2},
  pages={152--162},
  year={2009},
  publisher={International Union of Crystallography}
}

@article{owen2009,
  title={Determination of X-ray flux using silicon pin diodes},
  author={Owen, Robin L and Holton, James M and Schulze-Briese, Clemens and Garman, Elspeth F},
  journal={Journal of Synchrotron Radiation},
  volume={16},
  number={2},
  pages={143--151},
  year={2009},
  publisher={International Union of Crystallography}
}

@article{barker2009room,
  title={Room-temperature scavengers for macromolecular crystallography: increased lifetimes and modified dose dependence of the intensity decay},
  author={Barker, Adam I and Southworth-Davies, Robert J and Paithankar, Karthik S and Carmichael, Ian and Garman, Elspeth F},
  journal={Journal of Synchrotron Radiation},
  volume={16},
  number={2},
  pages={205--216},
  year={2009},
  publisher={International Union of Crystallography}
}

@article{sarkka2008unscented,
  title={Unscented Rauch--Tung--Striebel Smoother},
  author={S\"{a}rkk\"{a}, Simo},
  journal={Automatic Control, IEEE Transactions on},
  volume={53},
  number={3},
  pages={845--849},
  year={2008},
  publisher={IEEE}
}

@article{graslund2008protein,
  title={Protein production and purification},
  author={Gr{\"a}slund, Susanne and Nordlund, P{\"a}r and Weigelt, Johan and Bray, James and Gileadi, Opher and Knapp, Stefan and Oppermann, Udo and Arrowsmith, Cheryl and Hui, Raymond and Ming, Jinrong and others},
  journal={Nature Methods},
  volume={5},
  number={2},
  pages={135--146},
  year={2008},
  publisher={Nature Publishing Group}
}

@misc{petersen2008,
	title={The Matrix Cookbook [online]},
	author={Kaare Brandt Petersen and Michael Syskind Pedersen},
	journal={Matrixcookbook.com},
	howpublished={http://compbio.fmph.uniba.sk/vyuka/ml/old/2008/handouts/matrix-cookbook.pdf},
	note={Accessed: 10 May 2015},
	year={2008}
}

@article{brockhauser2008x,
  title={X-ray tomographic reconstruction of macromolecular samples},
  author={Brockhauser, Sandor and Di Michiel, Marco and McGeehan, John E and McCarthy, Andrew A and Ravelli, Raimond B. G.},
  journal={Journal of Applied Crystallography},
  volume={41},
  number={6},
  pages={1057--1066},
  year={2008},
  publisher={International Union of Crystallography}
}

@article{chruszcz2008,
  title={Determination of protein structures—a series of fortunate events},
  author={Chruszcz, Maksymilian and Wlodawer, Alexander and Minor, Wladek},
  journal={Biophysical Journal},
  volume={95},
  number={1},
  pages={1--9},
  year={2008},
  publisher={Elsevier}
}

@misc{ebden2008,
	title={Gaussian Processes for Regression: A Quick Introduction [online]},
	author={Mark Ebden},
	journal={robots.ox.ac.uk},
	howpublished={ http://www.robots.ox.ac.uk/~mebden/reports/GPtutorial.pdf},
	note={Accessed: 11 May 2015},
	year={2008}
}

@article{coquelle2007activity,
  title={Activity, stability and structural studies of lactate dehydrogenases adapted to extreme thermal environments},
  author={Coquelle, Nicolas and Fioravanti, Emanuela and Weik, Martin and Vellieux, Fr{\'e}d{\'e}ric and Madern, Dominique},
  journal={Journal of Molecular Biology},
  volume={374},
  number={2},
  pages={547--562},
  year={2007},
  publisher={Elsevier}
}

@article{borek2007many,
  title={The many faces of radiation-induced changes},
  author={Borek, Dominika and Ginell, Stephan L and Cymborowski, Marcin and Minor, Wladek and Otwinowski, Zbyszek},
  journal={Journal of Synchrotron radiation},
  volume={14},
  number={1},
  pages={24--33},
  year={2007},
  publisher={International Union of Crystallography}
}

@article{mccoy2007phaser,
  title={Phaser crystallographic software},
  author={McCoy, Airlie J and Grosse-Kunstleve, Ralf W and Adams, Paul D and Winn, Martyn D and Storoni, Laurent C and Read, Randy J},
  journal={Journal of Applied Crystallography},
  volume={40},
  number={4},
  pages={658--674},
  year={2007},
  publisher={International Union of Crystallography}
}

@misc{turnbull2007,
	title={A Note on Learning Linear Gaussian State-Space Models via Expectation-Maximization. [online]},
	author={Christoforos Anagnostopoulos, Matthew C Turnbull},
	journal={Canagnos.com},
	howpublished={http://www.canagnos.com/papers/anagnostopoulos2007nol},
	note={Accessed: 11 May 2015},
	year={2008}
}

@article{luft2007efficient,
  title={Efficient optimization of crystallization conditions by manipulation of drop volume ratio and temperature},
  author={Luft, Joseph R and Wolfley, Jennifer R and Said, Meriem I and Nagel, Raymond M and Lauricella, Angela M and Smith, Jennifer L and Thayer, Max H and Veatch, Christina K and Snell, Edward H and Malkowski, Michael G and others},
  journal={Protein Science},
  volume={16},
  number={4},
  pages={715--722},
  year={2007},
  publisher={Wiley Online Library}
}

@article{south2007,
  title={Observation of decreased radiation damage at higher dose rates in room temperature protein crystallography},
  author={Southworth-Davies, Robert J and Medina, Melissa A and Carmichael, Ian and Garman, Elspeth F},
  journal={Structure},
  volume={15},
  number={12},
  pages={1531--1541},
  year={2007},
  publisher={Elsevier}
}

@article{southworth2007radioprotectant,
  title={Radioprotectant screening for cryocrystallography},
  author={Southworth-Davies, Robert J and Garman, Elspeth F},
  journal={Journal of Synchrotron Radiation},
  volume={14},
  number={1},
  pages={73--83},
  year={2007},
  publisher={International Union of Crystallography}
}

@incollection{leslie2007,
  title={Processing diffraction data with {MOSFLM}},
  author={Leslie, Andrew G. W. and Powell, Harold R.},
  booktitle={Evolving methods for macromolecular crystallography},
  pages={41--51},
  year={2007},
  publisher={Springer}
}

@article{ravelli2006radiation,
  title={Radiation damage in macromolecular cryocrystallography},
  author={Ravelli, Raimond BG and Garman, Elspeth F},
  journal={Current Opinion in Structural Biology},
  volume={16},
  number={5},
  pages={624--629},
  year={2006},
  publisher={Elsevier}
}

@book{rasmussen2006gaussian,
  title={Gaussian Processes for Machine Learning},
  author={Rasmussen, C. E. and Williams, C. K. I.},
  isbn={9780262182539},
  lccn={2005053433},
  series={Adaptive computation and machine learning},
  url={https://books.google.co.uk/books?id=GhoSngEACAAJ},
  year={2006},
  publisher={MIT Press}
}

@article{diederichs2006,
  title={Some aspects of quantitative analysis and correction of radiation damage},
  author={Diederichs, Kay},
  journal={Acta Crystallographica Section D: Biological Crystallography},
  volume={62},
  number={1},
  pages={96--101},
  year={2006},
  publisher={International Union of Crystallography}
}

@article{owen2006,
  title={Experimental determination of the radiation dose limit for cryocooled protein crystals},
  author={Owen, Robin Leslie and Rudi{\~n}o-Pi{\~n}era, Enrique and Garman, Elspeth F},
  journal={Proceedings of the National Academy of Sciences of the United States of America},
  volume={103},
  number={13},
  pages={4912--4917},
  year={2006},
  publisher={National Acad Sciences}
}

@article{kmetko2006,
  title={Quantifying X-ray radiation damage in protein crystals at cryogenic temperatures},
  author={Kmetko, Jan and Husseini, Naji S and Naides, Matthew and Kalinin, Yevgeniy and Thorne, Robert E},
  journal={Acta Crystallographica Section D: Biological Crystallography},
  volume={62},
  number={9},
  pages={1030--1038},
  year={2006},
  publisher={International Union of Crystallography}
}

@book{rasmussen2006,
  title={Gaussian Processes for Machine Learning},
  author={Rasmussen, C. E. and Williams, C. K. I.},
  isbn={9780262182539},
  lccn={2005053433},
  series={Adaptative computation and machine learning series},
  url={https://books.google.co.uk/books?id=vWtwQgAACAAJ},
  year={2006},
  publisher={University Press Group Limited}
}

@article{evans2005,
  title={Scaling and assessment of data quality},
  author={Evans, Philip},
  journal={Acta Crystallographica Section D: Biological Crystallography},
  volume={62},
  number={1},
  pages={72--82},
  year={2005},
  publisher={International Union of Crystallography}
}

@article{nave2005,
  title={Towards an understanding of radiation damage in cryocooled macromolecular crystals},
  author={Nave, Colin and Garman, Elspeth F},
  journal={Journal of Synchrotron Radiation},
  volume={12},
  number={3},
  pages={257--260},
  year={2005},
  publisher={International Union of Crystallography}
}

@article{murray2005,
  title={Parameters affecting the X-ray dose absorbed by macromolecular crystals},
  author={Murray, James W and Rudino-Pinera, Enrique and Owen, Robin Leslie and Grininger, Martin and Ravelli, Raimond B. G. and Garman, Elspeth F},
  journal={Journal of synchrotron radiation},
  volume={12},
  number={3},
  pages={268--275},
  year={2005},
  publisher={International Union of Crystallography}
}

@article{bourenkov2005,
  title={A quantitative approach to data-collection strategies},
  author={Bourenkov, Gleb P and Popov, Alexander N},
  journal={Acta Crystallographica Section D: Biological Crystallography},
  volume={62},
  number={1},
  pages={58--64},
  year={2005},
  publisher={International Union of Crystallography}
}

@article{ramagopal2005radiation,
  title={Radiation-induced site-specific damage of mercury derivatives: phasing and implications},
  author={Ramagopal, Udupi A and Dauter, Zbigniew and Thirumuruhan, Radhakannan and Fedorov, Elena and Almo, Steven C},
  journal={Acta Crystallographica Section D: Biological Crystallography},
  volume={61},
  number={9},
  pages={1289--1298},
  year={2005},
  publisher={International Union of Crystallography}
}

@article{mccoy2004liking,
  title={Liking likelihood},
  author={McCoy, Airlie J},
  journal={Acta Crystallographica Section D: Biological Crystallography},
  volume={60},
  number={12},
  pages={2169--2183},
  year={2004},
  publisher={International Union of Crystallography}
}

@article{kuwamoto2004radiation,
  title={Radiation damage to a protein solution, detected by synchrotron X-ray small-angle scattering: dose-related considerations and suppression by cryoprotectants},
  author={Kuwamoto, Shigeo and Akiyama, Shuji and Fujisawa, Tetsuro},
  journal={Journal of synchrotron radiation},
  volume={11},
  number={6},
  pages={462--468},
  year={2004},
  publisher={International Union of Crystallography}
}

@article{murray2004,
  title={X-ray absorption by macromolecular crystals: the effects of wavelength and crystal composition on absorbed dose},
  author={Murray, James W and Garman, Elspeth F and Ravelli, Raimond B. G.},
  journal={Journal of Applied Crystallography},
  volume={37},
  number={4},
  pages={513--522},
  year={2004},
  publisher={International Union of Crystallography}
}

@article{otwinowski2003multiparametric,
  title={Multiparametric scaling of diffraction intensities},
  author={Otwinowski, Zbyszek and Borek, Dominika and Majewski, Wladyslaw and Minor, Wladek},
  journal={Acta Crystallographica Section A: Foundations of Crystallography},
  volume={59},
  number={3},
  pages={228--234},
  year={2003},
  publisher={International Union of Crystallography}
}

@article{chen2003bayesian,
  title={Bayesian filtering: From Kalman filters to particle filters, and beyond},
  author={Chen, Zhe},
  journal={Statistics},
  volume={182},
  number={1},
  pages={1--69},
  year={2003}
}

@article{taylor2003phase,
  title={The phase problem},
  author={Taylor, Garry},
  journal={Acta Crystallographica Section D: Biological Crystallography},
  volume={59},
  number={11},
  pages={1881--1890},
  year={2003},
  publisher={International Union of Crystallography}
}

@article{popov2003,
  title={Choice of data-collection parameters based on statistic modelling},
  author={Popov, Alexander N and Bourenkov, Gleb P},
  journal={Acta Crystallographica Section D: Biological Crystallography},
  volume={59},
  number={7},
  pages={1145--1153},
  year={2003},
  publisher={International Union of Crystallography}
}

@article{sliz2003,
  title={How does radiation damage in protein crystals depend on X-ray dose?},
  author={Sliz, Piotr and Harrison, Stephen C and Rosenbaum, Gerd},
  journal={Structure},
  volume={11},
  number={1},
  pages={13--19},
  year={2003},
  publisher={Elsevier}
}

@article{diederichs2003,
  title={Zero-dose extrapolation as part of macromolecular synchrotron data reduction},
  author={Diederichs, Kay and McSweeney, Sean and Ravelli, Raimond BG},
  journal={Acta Crystallographica Section D: Biological Crystallography},
  volume={59},
  number={5},
  pages={903--909},
  year={2003},
  publisher={International Union of Crystallography}
}

@inbook {wan2002Unscented,
    title = {The Unscented Kalman Filter},
    author = {Wan, Eric A. and van der Merwe, Rudolph},
    publisher = {John Wiley \& Sons, Inc.},
    isbn = {9780471221548},
    url = {http://dx.doi.org/10.1002/0471221546.ch7},
    doi = {10.1002/0471221546.ch7},
    pages = {221--280},
    keywords = {unscented Kalman filter, optimal recursive estimation, EKF, UKF parameter estimation, dual estimation, particle filter, UPF experiments},
    booktitle = {Kalman Filtering and Neural Networks},
    year = {2002}
}

@article{o2002physical,
  title={Physical and chemical considerations of damage induced in protein crystals by synchrotron radiation: a radiation chemical perspective},
  author={O'Neill, Peter and Stevens, David L and Garman, E},
  journal={Journal of Synchrotron Radiation},
  volume={9},
  number={6},
  pages={329--332},
  year={2002},
  publisher={International Union of Crystallography}
}

@article{ravelli2002,
  title={Unit-cell volume change as a metric of radiation damage in crystals of macromolecules},
  author={Ravelli, Raimond BG and Theveneau, Pascal and McSweeney, Sean and Caffrey, Martin},
  journal={Journal of Synchrotron Radiation},
  volume={9},
  number={6},
  pages={355--360},
  year={2002},
  publisher={International Union of Crystallography}
}

@article{teng2002,
  title={Radiation damage of protein crystals at cryogenic temperatures between 40 K and 150 K},
  author={Teng, T-Y and Moffat, Keith},
  journal={Journal of Synchrotron Radiation},
  volume={9},
  number={4},
  pages={198--201},
  year={2002},
  publisher={International Union of Crystallography}
}

@article{murray2002,
  title={Investigation of possible free-radical scavengers and metrics for radiation damage in protein cryocrystallography},
  author={Murray, James and Garman, Elspeth},
  journal={Journal of Synchrotron Radiation},
  volume={9},
  number={6},
  pages={347--354},
  year={2002},
  publisher={International Union of Crystallography}
}

@book{berg2002,
  title={Biochemistry, Fifth Edition},
  author={Berg, J.M. and Tymoczko, J.L. and Stryer, L.},
  isbn={9780716746843},
  lccn={20051259},
  series={Biochemistry},
  url={https://books.google.co.uk/books?id=qs5pAAAAMAAJ},
  year={2002},
  publisher={W. H. Freeman}
}

@article{weik2001specific,
  title={Specific protein dynamics near the solvent glass transition assayed by radiation-induced structural changes},
  author={Weik, M and Ravelli, R. B. G. and Silman, I and Sussman, J. L. and Gros, P and Kroon, J},
  journal={Protein Science},
  volume={10},
  number={10},
  pages={1953--1961},
  year={2001},
  publisher={Wiley Online Library}
}

@article{chan2001,
  title={Active contours without edges},
  author={Chan, Tony F and Vese, Luminita A},
  journal={IEEE Transactions on Image Processing},
  volume={10},
  number={2},
  pages={266--277},
  year={2001},
  publisher={IEEE}
}

@article{rai2001expression,
  title={Expression systems for production of heterologous proteins},
  author={Rai, Meena and Padh, Harish},
  journal={Current Science-Bangalore-},
  volume={80},
  number={9},
  pages={1121--1128},
  year={2001},
  publisher={CURRENT SCIENCE ASSOC/INDIAN ACADEMY OF SCIENCES}
}

@inproceedings{wan2000unscented,
  title={The unscented Kalman filter for nonlinear estimation},
  author={Wan, Eric A and Van Der Merwe, Ronell},
  booktitle={Adaptive Systems for Signal Processing, Communications, and Control Symposium 2000. AS-SPCC. The IEEE 2000},
  pages={153--158},
  year={2000},
  organization={Ieee}
}

@article{ravelli2000,
  title={The \enquote{fingerprint} that X-rays can leave on structures},
  author={Ravelli, Raimond BG and McSweeney, Sean M},
  journal={Structure},
  volume={8},
  number={3},
  pages={315--328},
  year={2000},
  publisher={Elsevier}
}

@article{burmeister2000structural,
  title={Structural changes in a cryo-cooled protein crystal owing to radiation damage},
  author={Burmeister, Wilhelm Pascal},
  journal={Acta Crystallographica Section D: Biological Crystallography},
  volume={56},
  number={3},
  pages={328--341},
  year={2000},
  publisher={International Union of Crystallography}
}

@article{weik2000,
  title={Specific chemical and structural damage to proteins produced by synchrotron radiation},
  author={Weik, Martin and Ravelli, Raimond B. G. and Kryger, Gitay and McSweeney, Sean and Raves, Maria L and Harel, Michal and Gros, Piet and Silman, Israel and Kroon, Jan and Sussman, Joel L},
  journal={Proceedings of the National Academy of Sciences},
  volume={97},
  number={2},
  pages={623--628},
  year={2000},
  publisher={National Acad Sciences}
}

@book{drenth1999,
  title={Principles of Protein X-Ray Crystallography},
  author={Jan Drenth},
  isbn={9780387985879},
  lccn={lc98026970},
  series={Springer Advanced Texts in Chemistry},
  url={http://books.google.co.uk/books?id=ABjCdPuly4IC},
  year={1999},
  publisher={Springer-Verlag GmbH}
}

@article{garman1999cool,
  title={Cool data: quantity AND quality},
  author={Garman, Elspeth},
  journal={Acta Crystallographica Section D: Biological Crystallography},
  volume={55},
  number={10},
  pages={1641--1653},
  year={1999},
  publisher={International Union of Crystallography}
}

@article{hegyi1999,
  title={The relationship between protein structure and function: a comprehensive survey with application to the yeast genome},
  author={Hegyi, Hedi and Gerstein, Mark},
  journal={Journal of Molecular Biology},
  volume={288},
  number={1},
  pages={147--164},
  year={1999},
  publisher={Elsevier}
}

@article{read1999detecting,
  title={Detecting outliers in non-redundant diffraction data},
  author={Read, Randy J},
  journal={Acta Crystallographica Section D: Biological Crystallography},
  volume={55},
  number={10},
  pages={1759--1764},
  year={1999},
  publisher={International Union of Crystallography}
}

@article{mitchell1999,
  title={Demystifying the synchrotron trip: a first time user's guide},
  author={Mitchell, Edward and Kuhn, Peter and Garman, Elspeth},
  journal={Structure},
  volume={7},
  number={5},
  pages={R111--R122},
  year={1999},
  publisher={Elsevier Science}
}

@article{lagarias1998convergence,
  title={Convergence properties of the Nelder--Mead simplex method in low dimensions},
  author={Lagarias, Jeffrey C and Reeds, James A and Wright, Margaret H and Wright, Paul E},
  journal={SIAM Journal on optimization},
  volume={9},
  number={1},
  pages={112--147},
  year={1998},
  publisher={SIAM}
}

@incollection{blessing1998intensity,
  title={Intensity statistics and normalization},
  author={Blessing, Robert H and Guo, D. Y. and Langs, David A},
  booktitle={Direct Methods for Solving Macromolecular Structures},
  pages={47--71},
  year={1998},
  publisher={Springer}
}

@article{murshudov1997refinement,
  title={Refinement of macromolecular structures by the maximum-likelihood method},
  author={Murshudov, Garib N and Vagin, Alexei A and Dodson, Eleanor J},
  journal={Acta Crystallographica Section D: Biological Crystallography},
  volume={53},
  number={3},
  pages={240--255},
  year={1997},
  publisher={International Union of Crystallography}
}

@article{garman1997macromolecular,
  title={Macromolecular cryocrystallography},
  author={Garman, Elspeth F and Schneider, Thomas R},
  journal={Journal of Applied Crystallography},
  volume={30},
  number={3},
  pages={211--237},
  year={1997},
  publisher={International Union of Crystallography}
}

@article{terwilliger1996bayesian,
  title={Bayesian weighting for macromolecular crystallographic refinement},
  author={Terwilliger, T. C. and Berendzen, J},
  journal={Acta Crystallographica Section D: Biological Crystallography},
  volume={52},
  number={4},
  pages={743--748},
  year={1996},
  publisher={International Union of Crystallography}
}

@article{pannu1996improved,
  title={Improved structure refinement through maximum likelihood},
  author={Pannu, Navraj S and Read, Randy J},
  journal={Acta Crystallographica Section A: Foundations of Crystallography},
  volume={52},
  number={5},
  pages={659--668},
  year={1996},
  publisher={International Union of Crystallography}
}

@article{pitteri1996definition,
  title={On the definition and classification of Bravais lattices},
  author={Pitteri, M and Zanzotto, G},
  journal={Acta Crystallographica Section A: Foundations of Crystallography},
  volume={52},
  number={6},
  pages={830--838},
  year={1996},
  publisher={International Union of Crystallography}
}

@article{coleman1996,
  title={An interior trust region approach for nonlinear minimization subject to bounds},
  author={Coleman, Thomas F and Li, Yuying},
  journal={SIAM Journal on Optimization},
  volume={6},
  number={2},
  pages={418--445},
  year={1996},
  publisher={SIAM}
}

@misc{nisttable3,
	title={X-Ray Mass Attenuation Coefficients - Table 3},
	author={Hubbell, John H and Seltzer, Stephen M},
	howpublished={National Institute of Science and Technology},
	url={http://physics.nist.gov/PhysRefData/XrayMassCoef/tab3.html},
	note={Accessed: 9 April 2016},
	year={1996}
}

@misc{nisttable4,
	title={X-Ray Mass Attenuation Coefficients - Table 4},
	author={Hubbell, John H and Seltzer, Stephen M},
	howpublished={National Institute of Science and Technology},
	url={http://physics.nist.gov/PhysRefData/XrayMassCoef/tab3.html},
	note={Accessed: 9 April 2016},
	year={1996}
}

@techreport{hubbell1995tables,
  title={Tables of X-ray mass attenuation coefficients and mass energy-absorption coefficients 1 keV to 20 MeV for elements Z= 1 to 92 and 48 additional substances of dosimetric interest},
  author={Hubbell, John H and Seltzer, Stephen M},
  year={1995},
  institution={National Inst. of Standards and Technology-PL, Gaithersburg, MD (United States). Ionizing Radiation Div.}
}

@article{nave1995,
  title={Radiation damage in protein crystallography},
  author={Nave, C},
  journal={Radiation Physics and Chemistry},
  volume={45},
  number={3},
  pages={483--490},
  year={1995},
  publisher={Elsevier}
}

@article{laskowski1993procheck,
  title={PROCHECK: a program to check the stereochemical quality of protein structures},
  author={Laskowski, Roman A and MacArthur, Malcolm W and Moss, David S and Thornton, Janet M},
  journal={Journal of Applied Crystallography},
  volume={26},
  number={2},
  pages={283--291},
  year={1993},
  publisher={International Union of Crystallography}
}

@article{marron1992,
author={Marron, J. S. and Wand, M. P.},
issn={2168-8966},
journal={The Annals of Statistics},
keywords={GMM,Gaussian Mixture Model,Gaussian-based kernel,integrated squared error,kernel estimator,nonparametric density estimation,normal mixture,window width},
language={EN},
mendeley-tags={GMM,Gaussian Mixture Model},
month=jun,
number={2},
pages={712--736},
publisher={Institute of Mathematical Statistics},
title={{Exact Mean Integrated Squared Error}},
url={http://projecteuclid.org/euclid.aos/1176348653},
volume={20},
year={1992}
}

@book{gon1992,
  title={Digital image processing},
  author={Gonz{\'a}lez, R.C. and Woods, R.E.},
  isbn={9780201508031},
  lccn={91030866},
  series={Addison-Wesley world student series},
  url={http://books.google.co.uk/books?id=C\_FRAAAAMAAJ},
  year={1992},
  publisher={Addison-Wesley}
}

@article{hendrickson1991determination,
  title={Determination of macromolecular structures from anomalous diffraction of synchrotron radiation},
  author={Hendrickson, Wayne A},
  journal={Science},
  volume={254},
  number={5028},
  pages={51--58},
  year={1991},
  publisher={American Association for the Advancement of Science}
}

@article{read1990structure,
  title={Structure-factor probabilities for related structures},
  author={Read, R. J.},
  journal={Acta Crystallographica Section A: Foundations of Crystallography},
  volume={46},
  number={11},
  pages={900--912},
  year={1990},
  publisher={International Union of Crystallography}
}

@article{henderson1990cryo,
  title={Cryo-protection of protein crystals against radiation damage in electron and X-ray diffraction},
  author={Henderson, Richard},
  journal={Proceedings: Biological Sciences},
  pages={6--8},
  year={1990},
  publisher={JSTOR}
}

@article{schilling1990longest,
  title={The longest run of heads},
  author={Schilling, Mark F},
  journal={College Math. J},
  volume={21},
  number={3},
  pages={196--207},
  year={1990}
}

@article{teng1990mounting,
  title={Mounting of crystals for macromolecular crystallography in a free-standing thin film},
  author={Teng, T-Y},
  journal={Journal of Applied Crystallography},
  volume={23},
  number={5},
  pages={387--391},
  year={1990},
  publisher={International Union of Crystallography}
}

@book{stout1989,
  title={X-Ray Structure Determination: A Practical Guide},
  author={Stout, G. H. and Jensen, L. H.},
  isbn={9780471607113},
  lccn={lc88027931},
  series={A Wiley-Interscience publication},
  url={http://books.google.co.uk/books?id=EOASAQAAIAAJ},
  year={1989},
  publisher={Wiley}
}

@article{hope1988cryocrystallography,
  title={Cryocrystallography of biological macromolecules: a generally applicable method},
  author={Hope, H},
  journal={Acta Crystallographica Section B: Structural Science},
  volume={44},
  number={1},
  pages={22--26},
  year={1988},
  publisher={International Union of Crystallography}
}

@article{sygusch1988,
  title={Sequential radiation damage in protein crystallography},
  author={Sygusch, J and Allaire, M},
  journal={Acta Crystallographica Section A: Foundations of Crystallography},
  volume={44},
  number={4},
  pages={443--448},
  year={1988},
  publisher={International Union of Crystallography}
}

@article{abrahams1987anisotropy,
  title={Anisotropy in the variation of serially-measured integrated intensities},
  author={Abrahams, S. C. and Marsh, P},
  journal={Acta Crystallographica Section A: Foundations of Crystallography},
  volume={43},
  number={2},
  pages={265--269},
  year={1987},
  publisher={International Union of Crystallography}
}

@article{jones1987structure,
  title={Structure and mobility of electron gain and loss centres in proteins},
  author={Jones, George D. D. and Lea, Jeremy S and Symons, Martyn C. R. and Taiwo, Fatai A},
  journal={Nature},
  volume={330},
  number={6150},
  pages={772--773},
  year={1987},
  publisher={Nature Publishing Group}
}

@article{garrison1987reaction,
  title={Reaction mechanisms in the radiolysis of peptides, polypeptides, and proteins},
  author={Garrison, Warren M},
  journal={Chemical Reviews},
  volume={87},
  number={2},
  pages={381--398},
  year={1987},
  publisher={ACS Publications}
}

@article{rossmann1979processing,
  title={Processing and post-refinement of oscillation camera data},
  author={Rossmann, M. G. and Leslie, Andrew G. W. and Abdel-Meguid, S. S. and Tsukihara, T},
  journal={Journal of Applied Crystallography},
  volume={12},
  number={6},
  pages={570--581},
  year={1979},
  publisher={International Union of Crystallography}
}

@article{rossmann1979oscillation,
  title={Processing oscillation diffraction data for very large unit cells with an automatic convolution technique and profile fitting},
  author={Rossmann, Michael G},
  journal={Journal of Applied Crystallography},
  volume={12},
  number={2},
  pages={225--238},
  year={1979},
  publisher={International Union of Crystallography}
}

@article{french1978treatment,
  title={On the treatment of negative intensity observations},
  author={French, Simon and Wilson, Keith},
  journal={Acta Crystallographica Section A: Crystal Physics, Diffraction, Theoretical and General Crystallography},
  volume={34},
  number={4},
  pages={517--525},
  year={1978},
  publisher={International Union of Crystallography}
}

@incollection{more1978levenberg,
  title={The Levenberg-Marquardt algorithm: implementation and theory},
  author={Mor{\'e}, Jorge J},
  booktitle={Numerical analysis},
  pages={105--116},
  year={1978},
  publisher={Springer}
}

@article{purcell1977life,
  title={Life at low Reynolds number},
  author={Purcell, Edward M},
  journal={American Journal of Physics},
  volume={45},
  number={1},
  pages={3--11},
  year={1977}
}

@article{fletterick1976low,
  title={Low-resolution structure of the glycogen phosphorylase a monomer and comparison with phosphorylase b},
  author={Fletterick, R. J. and Sygusch, J and Murray, N and Madsen, N. B. and Johnson, L. N.},
  journal={Journal of Molecular Biology},
  volume={103},
  number={1},
  pages={1--13},
  year={1976},
  publisher={Elsevier}
}

@book{blundell1976protein,
  title={Protein Crystallography},
  author={Blundell, T. L. and Johnson, L. N.},
  isbn={9780121083502},
  lccn={76001068},
  series={Molecular biology},
  url={https://books.google.co.uk/books?id=o4FkYPmFxKwC},
  year={1976},
  publisher={Academic Press}
}

@article{hendrickson1976,
author = {Hendrickson, Wayne A.},
doi = {10.1016/0022-2836(76)90271-0},
file = {:C$\backslash$:/Users/jonathan/AppData/Local/Mendeley Ltd./Mendeley Desktop/Downloaded/Hendrickson - 1976 - Radiation damage in protein crystallography.pdf:pdf},
issn = {00222836},
journal = {Journal of Molecular Biology},
keywords = {Exponential decay model,Radiation Damage,Sequential Damage},
mendeley-tags = {Exponential decay model,Radiation Damage,Sequential Damage},
month = sep,
number = {3},
pages = {889--893},
title = {Radiation damage in protein crystallography},
url = {http://www.sciencedirect.com/science/article/pii/0022283676902710},
volume = {106},
year = {1976}
}

@article{stewart1976,
  title={The calculation of $\varepsilon$ associated with normalized structure factors, {E}},
  author={Stewart, JAMES M and Karle, J},
  journal={Acta Crystallographica Section A: Crystal Physics, Diffraction, Theoretical and General Crystallography},
  volume={32},
  number={6},
  pages={1005--1007},
  year={1976},
  publisher={International Union of Crystallography}
}

@article{hendrickson1973,
  title={Crystal structure analysis of sea lamprey hemoglobin at 2 {\AA} resolution},
  author={Hendrickson, Wayne A and Love, Warner E and Karle, Jerome},
  journal={Journal of molecular biology},
  volume={74},
  number={3},
  pages={331--361},
  year={1973},
  publisher={Elsevier}
}

@book{coxeter1973regular,
  title={Regular Polytopes},
  author={Coxeter, H.S.M.},
  isbn={9780486614809},
  lccn={73084364},
  series={Dover books on advanced mathematics},
  url={https://books.google.co.uk/books?id=iWvXsVInpgMC},
  year={1973},
  publisher={Dover Publications}
}

@article{abrahams1973,
author = "Abrahams, S. C.",
title = "{International Union of Crystallography Commission on Crystallographic Apparatus single-crystal radiation damage survey}",
journal= "Acta Crystallographica Section A: Crystal Physics, Diffraction, Theoretical and General Crystallography",
year = "1973",
volume = "29",
number = "2",
pages = "111--116",
month = "Mar",
doi = {10.1107/S056773947300032X},
url = {http://dx.doi.org/10.1107/S056773947300032X}
}

@article{haas1970crystallographic,
  title={Crystallographic studies on lactate dehydrogenase at --75$^{\circ}\,$C},
  author={Haas, D. J. and Rossmann, M. G.},
  journal={Acta Crystallographica Section B: Structural Crystallography and Crystal Chemistry},
  volume={26},
  number={7},
  pages={998--1004},
  year={1970},
  publisher={International Union of Crystallography}
}

@article{cromer1968x,
  title={X-ray scattering factors computed from numerical Hartree--Fock wave functions},
  author={Cromer, Don T and Mann, Joseph B},
  journal={Acta Crystallographica Section A: Crystal Physics, Diffraction, Theoretical and General Crystallography},
  volume={24},
  number={2},
  pages={321--324},
  year={1968},
  publisher={International Union of Crystallography}
}

@article{blake1962,
  title={Effects of X-Irradiation on Single Crystals of Myoglobin},
  author={Blake, Colin C.F. and Phillips, David C.},
  journal={Proceedings of the Symposium on the Biological effects of Ionizing Radiation at the Molecular Level},
  pages={183--191},
  year={1962},
	publisher={International Atomic Energy Agency}
}

@article{perutz1956isomorphous,
  title={Isomorphous replacement and phase determination in non-centrosymmetric space groups},
  author={Perutz, M. F.},
  journal={Acta Crystallographica},
  volume={9},
  number={11},
  pages={867--873},
  year={1956},
  publisher={International Union of Crystallography}
}

@article{crick1956,
  title={The theory of the method of isomorphous replacement for protein crystals. I},
  author={Crick, F. H. C. and Magdoff, Beatrice S},
  journal={Acta Crystallographica},
  volume={9},
  number={11},
  pages={901--908},
  year={1956},
  publisher={International Union of Crystallography}
}

@article{bijvoet1954structure,
  title={Structure of optically active compounds in the solid state},
  journal={Nature},
  volume={173},
  author={Bijvoet, J. M.},
  year={1954},
  pages={888--891},
  publisher={Nature Publishing Group}
}

@article{luzzati1952traitement,
  title={Traitement statistique des erreurs dans la determination des structures cristallines},
  author={Luzzati, V},
  journal={Acta Crystallographica},
  volume={5},
  number={6},
  pages={802--810},
  year={1952},
  publisher={International Union of Crystallography}
}

@book{wiener1949extrapolation,
  title={Extrapolation, interpolation, and smoothing of stationary time series},
  author={Wiener, Norbert},
  volume={2},
  year={1949},
  publisher={MIT press Cambridge, MA}
}

@article{wilson1949probability,
  title={The probability distribution of X-ray intensities},
  author={Wilson, A. J. C.},
  journal={Acta Crystallographica},
  volume={2},
  number={5},
  pages={318--321},
  year={1949},
  publisher={International Union of Crystallography}
}

@article{pearson1900x,
  title={X. on the criterion that a given system of deviations from the probable in the case of a correlated system of variables is such that it can be reasonably supposed to have arisen from random sampling},
  author={Pearson, Karl},
  journal={The London, Edinburgh, and Dublin Philosophical Magazine and Journal of Science},
  volume={50},
  number={302},
  pages={157--175},
  year={1900},
  publisher={Taylor \& Francis}
}

@article{bravais1850Lattices,
	title={Mémoire Sur Les Systèmes Formés Par Des Points Distribués Régulièrement Sur Un Plan Ou Dans L'espace},
	author={Bravais, Auguste},
	journal={Journal de l'{\'E}cole Polytechnique},
	volume={19},
	pages={1--128},
	year={1850}
}

@book{kingde,
  title={{Differential equations: linear, nonlinear, ordinary, partial}},
  author={King, A. C. and Billingham, J. and Otto, S. R.},
  isbn={9780521816588},
  lccn={2002073457},
  url={http://books.google.com/books?id=tPVhQgAACAAJ},
  year={2003},
  publisher={Cambridge University Press}
}

@misc{reynoldsNA,
	title={Gaussian Mixture Models [online]},
	author={Douglas Reynolds},
	howpublished={https://www.ll.mit.edu/mission/cybersec/publications/publication-files/full\_papers/0802\_Reynolds\_Biometrics-GMM.pdf},
	note={Accessed: 11 May 2015},
    year={2015}
}
